@InProceedings{CAVE_0287, 
author = {N. Kumar and P. N. Belhumeur and S. K. Nayar},
title = {{F}ace{T}racer: {A} {S}earch {E}ngine for {L}arge {C}ollections of {I}mages with {F}aces},
booktitle = {European Conference on Computer Vision (ECCV)},
pages = {340--353},
month = {Oct},
year = {2008}
}